<?xml version="1.0" encoding="UTF-8"?><collection xmlns="http://www.loc.gov/MARC21/slim"><record><leader>00459nam--2200133-i-4500</leader><controlfield tag="001">000010503</controlfield><controlfield tag="002">20161230</controlfield><controlfield tag="005">20161230201028</controlfield><controlfield tag="008">060222s1000------------r-----000-0-eng-d</controlfield><datafield ind1=" " ind2=" " tag="100"><subfield code="a">Bornzin, G.L.And Barut, A.O</subfield></datafield><datafield ind1=" " ind2=" " tag="245"><subfield code="a">A new relativistic coulomb hamiltonian with o(4) symmetry and a spinor realization of the dynamical group o(4,2)</subfield></datafield><datafield ind1=" " ind2=" " tag="260"><subfield code="a">Miramare-trieste, International Centre For The Oretical Physics, 1972</subfield></datafield><datafield ind1=" " ind2=" " tag="490"><subfield code="a">18 P</subfield></datafield><datafield ind1=" " ind2=" " tag="852"><subfield code="a">539.12:530.12</subfield></datafield></record></collection>